@misc{bai,
TITLE       = {百度百科},
ORGANIZATION = {百度百科},
URL         = {https://baike.baidu.com/item/%E8%BD%B4%E6%89%BF/177492}
}